@book{evans2010,
    author = "Evans, Lawrence C.",
    title = "Partial Differential Equations",
    publisher = "American Mathematical Society",
    year = "2010",
    volume = "19",
    series = "Graduate Studies in Mathematics",
    edition = "2."
}

@incollection{oden1991,
    author = "Tinsley Oden, J.",
    title = "Finite elements: An introduction",
    publisher = "Elsevier",
    year = "1991",
    booktitle = "Finite Element Methods (Part 1)",
    series = "Handbook of Numerical Analysis",
    volume = "2",
    pages = "3-15",
    issn = "1570-8659",
    doi = "https://doi.org/10.1016/S1570-8659(05)80038-9",
    url = "https://www.sciencedirect.com/science/article/pii/S1570865905800389",
}

@book{szabobabuska2011,
    author = "Szabó, Barna and Babu{\v s}ka, Ivo",
    title = "Introduction to Finite Element Analysis:
             Formulation, Verification and Validation",
    publisher = "John Wiley \& Sons, Ltd",
    year = "2011",
    edition = "1."
}

@article{babuskasoanesuri2017,
    title = "The computational modeling of problems on domains with small holes",
    journal = "Computer Methods in Applied Mechanics and Engineering",
    volume = "322",
    pages = "563-589",
    year = "2017",
    issn = "0045-7825",
    doi = "https://doi.org/10.1016/j.cma.2017.05.014",
    url = "https://www.sciencedirect.com/science/article/pii/S0045782516304273",
    author = "Babu{\v s}ka, Ivo and Soane, Ana Maria and Suri, Manil"
}

@article{casas1985,
    author = "Casas, Eduardo",
    journal = "Numerische Mathematik",
    pages = "627-632",
    title = "{$L^2$} {Estimates} for the {Finite} {Element} {Method} for the {Dirichlet} {Problem} with {Singular} {Data}",
    url = "http://eudml.org/doc/133055",
    volume = "47",
    year = "1985"
}

@article{scott1973,
    author = "Scott, Ridgway",
    journal = "Numerische Mathematik",
    pages = "317–327",
    title = "Finite {Element} {Convergence} for {Singular} {Data}",
    volume = "21",
    year = "1973"
}

@article{schatzwahlbin1977,
    author = "Schatz, A. H. and Wahlbin, L. B.",
    journal = "Mathematics of Computation",
    number = "138",
    pages = "414-442",
    publisher = "American Mathematical Society",
    title = "Interior {Maximum} {Norm} {Estimates} for {Finite} {Element} {Methods}",
    volume = "31",
    year = "1977"
}

@article{millarmuga2021,
    title="Projection in negative norms and the regularization of rough linear functionals",
    author="Millar, Felipe and Muga, Ignacio and Rojas, Sergio and van der Zee, Kristoffer G.",
    journal="Numerische Mathematik",
    year="2021",
    volume="150",
    pages="1087-1121"
}

@article{arayabehrens2006,
    author = "Araya, Rodolfo and Behrens, Edwin and Rodríguez, Rodolfo",
    journal = "Numerische Mathematik",
    pages = "193-216",
    title = "A posteriori error estimates for elliptic problems with {Dirac} delta source terms",
    volume = "105",
    year = "2006"
}
